<?xml version="1.0" encoding="UTF-8"?><collection xmlns="http://www.loc.gov/MARC21/slim"><record><leader>00363nam--2200133-i-4500</leader><controlfield tag="001">000015815</controlfield><controlfield tag="002">20161230</controlfield><controlfield tag="005">20161230201031</controlfield><controlfield tag="008">060222s1000------------r-----000-0-eng-d</controlfield><datafield ind1=" " ind2=" " tag="100"><subfield code="a">Carr, Joseph J</subfield></datafield><datafield ind1=" " ind2=" " tag="245"><subfield code="a">Interfacing your microcomputer to virtually an ything</subfield></datafield><datafield ind1=" " ind2=" " tag="260"><subfield code="a">Blue Ridge Summit, Tab Books Inc., 1984</subfield></datafield><datafield ind1=" " ind2=" " tag="490"><subfield code="a">Tb Books - Nr.1890</subfield></datafield><datafield ind1=" " ind2=" " tag="852"><subfield code="a">681.3</subfield></datafield></record></collection>